<record><leader>00000cas a22000007a 4500</leader><controlfield tag="001">14066838</controlfield><controlfield tag="008">860808d1969197unjudn ne      0    0eng d</controlfield><datafield ind1=" " ind2=" " tag="010"><subfield code="a">sn 86077197 </subfield></datafield><datafield ind1=" " ind2=" " tag="040"><subfield code="a">NPA</subfield><subfield code="b">eng</subfield><subfield code="c">NPA</subfield><subfield code="d">OCLCQ</subfield></datafield><datafield ind1=" " ind2=" " tag="042"><subfield code="a">msc</subfield></datafield><datafield ind1="0" ind2="4" tag="245"><subfield code="a">The Morning news, The call.</subfield></datafield><datafield ind1="3" ind2="0" tag="246"><subfield code="a">Morning news</subfield></datafield><datafield ind1="1" ind2="7" tag="246"><subfield code="a">Paterson news</subfield></datafield><datafield ind1=" " ind2=" " tag="260"><subfield code="a">Paterson, N.J. :</subfield><subfield code="b">News Print. Co.</subfield></datafield><datafield ind1=" " ind2=" " tag="300"><subfield code="a">v. :</subfield><subfield code="b">ill.</subfield></datafield><datafield ind1=" " ind2=" " tag="310"><subfield code="a">Daily (except Sat. and Sun.)</subfield></datafield><datafield ind1="1" ind2=" " tag="362"><subfield code="a">Began with Dec. 22, 1969 issue.</subfield></datafield><datafield ind1=" " ind2=" " tag="530"><subfield code="a">Also issued on microfilm by Microfilming Corp. of America.</subfield></datafield><datafield ind1=" " ind2=" " tag="580"><subfield code="a">Also issued in a weekend ed. called: News, The call.</subfield></datafield><datafield ind1=" " ind2=" " tag="588"><subfield code="a">Description based on: 80th yr., vol. 10 (Jan. 1, 1970).</subfield></datafield><datafield ind1=" " ind2=" " tag="752"><subfield code="a">United States</subfield><subfield code="b">New Jersey</subfield><subfield code="c">Passaic</subfield><subfield code="d">Paterson.</subfield></datafield><datafield ind1="0" ind2=" " tag="775"><subfield code="t">Morning news (Paterson, N.J. : County ed.)</subfield></datafield><datafield ind1="1" ind2=" " tag="775"><subfield code="t">News, The call</subfield><subfield code="w">(DLC)sn 86077208</subfield><subfield code="w">(OCoLC)14066859</subfield></datafield><datafield ind1="0" ind2="4" tag="780"><subfield code="t">Morning news (Paterson, N.J. : 1967)</subfield></datafield><datafield ind1="0" ind2="4" tag="780"><subfield code="t">Morning call (Paterson, N.J. : 1889)</subfield><subfield code="w">(DLC)sn 84020522</subfield><subfield code="w">(OCoLC)11013679</subfield></datafield><datafield ind1="0" ind2="0" tag="785"><subfield code="t">Morning news (Paterson, N.J. : 1977)</subfield><subfield code="w">(DLC)sn 85036013</subfield><subfield code="w">(OCoLC)14066974</subfield></datafield></record>